
@article{moreno-hagelsieb_choosing_2008,
	title = {Choosing {BLAST} options for better detection of orthologs as reciprocal best hits},
	volume = {24},
	issn = {1367-4803, 1460-2059},
	url = {http://bioinformatics.oxfordjournals.org/cgi/doi/10.1093/bioinformatics/btm585},
	doi = {10.1093/bioinformatics/btm585},
	language = {en},
	number = {3},
	urldate = {2014-07-15},
	journal = {Bioinformatics},
	author = {Moreno-Hagelsieb, G. and Latimer, K.},
	month = feb,
	year = {2008},
	pages = {319--324}
}

@article{lu_comparative_2013,
	title = {Comparative study of de novo assembly and genome-guided assembly strategies for transcriptome reconstruction based on {RNA}-Seq},
	volume = {56},
	issn = {1674-7305, 1869-1889},
	url = {http://link.springer.com/10.1007/s11427-013-4442-z},
	doi = {10.1007/s11427-013-4442-z},
	language = {en},
	number = {2},
	urldate = {2014-03-27},
	journal = {Science China Life Sciences},
	author = {Lu, BingXin and Zeng, ZhenBing and Shi, TieLiu},
	month = feb,
	year = {2013},
	pages = {143--155},
	file = {10.1007_s11427-013-4442-z.pdf:/Users/camille/Library/Application Support/Zotero/Profiles/oy306j3r.default/zotero/storage/NRGT55NM/10.1007_s11427-013-4442-z.pdf:application/pdf}
}

@article{duan_optimizing_2012,
	title = {Optimizing de novo common wheat transcriptome assembly using short-read {RNA}-Seq data},
	volume = {13},
	url = {http://www.biomedcentral.com/1471-2164/13/392},
	number = {1},
	urldate = {2014-03-27},
	journal = {{BMC} genomics},
	author = {Duan, Jialei and Xia, Chuan and Zhao, Guangyao and Jia, Jizeng and Kong, Xiuying},
	year = {2012},
	pages = {392},
	file = {1471-2164-13-392.pdf:/Users/camille/Library/Application Support/Zotero/Profiles/oy306j3r.default/zotero/storage/J9VU488X/1471-2164-13-392.pdf:application/pdf}
}

@article{patel_evolutionary_2012,
	title = {Evolutionary crossroads in developmental biology},
	volume = {139},
	issn = {0950-1991, 1477-9129},
	url = {http://dev.biologists.org/cgi/doi/10.1242/dev.085464},
	doi = {10.1242/dev.085464},
	language = {en},
	number = {15},
	urldate = {2014-03-27},
	journal = {Development},
	author = {Patel, N. H.},
	month = aug,
	year = {2012},
	pages = {2637--2638},
	file = {2637.full.pdf:/Users/camille/Library/Application Support/Zotero/Profiles/oy306j3r.default/zotero/storage/KXW9947F/2637.full.pdf:application/pdf}
}

@article{brown_reference-free_2012,
	title = {A reference-free algorithm for computational normalization of shotgun sequencing data},
	url = {http://arxiv.org/abs/1203.4802},
	urldate = {2014-03-27},
	journal = {{arXiv} preprint {arXiv}:1203.4802},
	author = {Brown, C. Titus and Howe, Adina and Zhang, Qingpeng and Pyrkosz, Alexis B. and Brom, Timothy H.},
	year = {2012},
	file = {diginorm.pdf:/Users/camille/Library/Application Support/Zotero/Profiles/oy306j3r.default/zotero/storage/WUQ39XPS/diginorm.pdf:application/pdf}
}

@article{salzberg_gage:_2012,
	title = {{GAGE}: A critical evaluation of genome assemblies and assembly algorithms},
	volume = {22},
	issn = {1088-9051},
	shorttitle = {{GAGE}},
	url = {http://genome.cshlp.org/cgi/doi/10.1101/gr.131383.111},
	doi = {10.1101/gr.131383.111},
	language = {en},
	number = {3},
	urldate = {2014-03-27},
	journal = {Genome Research},
	author = {Salzberg, S. L. and Phillippy, A. M. and Zimin, A. and Puiu, D. and Magoc, T. and Koren, S. and Treangen, T. J. and Schatz, M. C. and Delcher, A. L. and Roberts, M. and Marcais, G. and Pop, M. and Yorke, J. A.},
	month = mar,
	year = {2012},
	pages = {557--567},
	file = {Genome Res.-2011-Salzberg-gr.131383.111.pdf:/Users/camille/Library/Application Support/Zotero/Profiles/oy306j3r.default/zotero/storage/38TWRTT4/Genome Res.-2011-Salzberg-gr.131383.111.pdf:application/pdf}
}

@article{haas_novo_2013,
	title = {De novo transcript sequence reconstruction from {RNA}-seq using the Trinity platform for reference generation and analysis},
	volume = {8},
	issn = {1754-2189, 1750-2799},
	url = {http://www.nature.com/doifinder/10.1038/nprot.2013.084},
	doi = {10.1038/nprot.2013.084},
	number = {8},
	urldate = {2014-03-27},
	journal = {Nature Protocols},
	author = {Haas, Brian J and Papanicolaou, Alexie and Yassour, Moran and Grabherr, Manfred and Blood, Philip D and Bowden, Joshua and Couger, Matthew Brian and Eccles, David and Li, Bo and Lieber, Matthias and MacManes, Matthew D and Ott, Michael and Orvis, Joshua and Pochet, Nathalie and Strozzi, Francesco and Weeks, Nathan and Westerman, Rick and William, Thomas and Dewey, Colin N and Henschel, Robert and LeDuc, Richard D and Friedman, Nir and Regev, Aviv},
	month = jul,
	year = {2013},
	pages = {1494--1512},
	file = {nprot.2013.084.pdf:/Users/camille/Library/Application Support/Zotero/Profiles/oy306j3r.default/zotero/storage/Q7DHMXN6/nprot.2013.084.pdf:application/pdf}
}

@article{martin_next-generation_2011,
	title = {Next-generation transcriptome assembly},
	volume = {12},
	issn = {1471-0056, 1471-0064},
	url = {http://www.nature.com/doifinder/10.1038/nrg3068},
	doi = {10.1038/nrg3068},
	number = {10},
	urldate = {2014-03-27},
	journal = {Nature Reviews Genetics},
	author = {Martin, Jeffrey A. and Wang, Zhong},
	month = sep,
	year = {2011},
	pages = {671--682},
	file = {nrg3068.pdf:/Users/camille/Library/Application Support/Zotero/Profiles/oy306j3r.default/zotero/storage/MNU7W772/nrg3068.pdf:application/pdf}
}

@article{t_oneil_assessing_2013,
	title = {Assessing De Novo transcriptome assembly metrics for consistency and utility},
	volume = {14},
	url = {http://www.biomedcentral.com/1471-2164/14/465?utm_source=feedburner&utm_medium=feed&utm_campaign=Feed%3A+Bmc%2FGenomics%2FLatestArticles+(BMC+Genomics+-+Latest+articles)},
	number = {1},
	urldate = {2014-03-27},
	journal = {{BMC} genomics},
	author = {T Oâ€™Neil, Shawn and Emrich, Scott J.},
	year = {2013},
	pages = {465},
	file = {oneil_assessing_denovo_trans_metrics.pdf:/Users/camille/Library/Application Support/Zotero/Profiles/oy306j3r.default/zotero/storage/QM4M2S97/oneil_assessing_denovo_trans_metrics.pdf:application/pdf}
}

@article{surget-groba_optimization_2010,
	title = {Optimization of de novo transcriptome assembly from next-generation sequencing data},
	volume = {20},
	issn = {1088-9051},
	url = {http://genome.cshlp.org/cgi/doi/10.1101/gr.103846.109},
	doi = {10.1101/gr.103846.109},
	language = {en},
	number = {10},
	urldate = {2014-03-27},
	journal = {Genome Research},
	author = {Surget-Groba, Y. and Montoya-Burgos, J. I.},
	month = oct,
	year = {2010},
	pages = {1432--1440},
	file = {surget10.pdf:/Users/camille/Library/Application Support/Zotero/Profiles/oy306j3r.default/zotero/storage/BE7WF9SJ/surget10.pdf:application/pdf}
}

@article{grabherr_full-length_2011,
	title = {Full-length transcriptome assembly from {RNA}-Seq data without a reference genome},
	volume = {29},
	issn = {1087-0156, 1546-1696},
	url = {http://www.nature.com/doifinder/10.1038/nbt.1883},
	doi = {10.1038/nbt.1883},
	number = {7},
	urldate = {2014-03-27},
	journal = {Nature Biotechnology},
	author = {Grabherr, Manfred G and Haas, Brian J and Yassour, Moran and Levin, Joshua Z and Thompson, Dawn A and Amit, Ido and Adiconis, Xian and Fan, Lin and Raychowdhury, Raktima and Zeng, Qiandong and Chen, Zehua and Mauceli, Evan and Hacohen, Nir and Gnirke, Andreas and Rhind, Nicholas and di Palma, Federica and Birren, Bruce W and Nusbaum, Chad and Lindblad-Toh, Kerstin and Friedman, Nir and Regev, Aviv},
	month = may,
	year = {2011},
	pages = {644--652},
	file = {trinity broad mrnaseq assembly nature biotech 2011.pdf:/Users/camille/Library/Application Support/Zotero/Profiles/oy306j3r.default/zotero/storage/86QD3U9C/trinity broad mrnaseq assembly nature biotech 2011.pdf:application/pdf}
}

@Unpublished{pydoit,
author = {},
title = {DoIt Automation Tool},
url = {http://www.pydoit.org}
}
